4546 5690
984 545 1197 644 *τι*

232 753 448 831 Oromedonte,
472 771 543 838 rege
565 754 690 831 insulae,
715 754 904 838 appellatum
926 757 1126 822 coniecerunt.
1169 758 1203 821 at
1224 755 1250 820 si
1273 756 1376 820 tantus
1398 753 1430 817 in
1454 752 1495 818 Co
1518 771 1604 818 mons
1627 753 1741 831 diisset,
1766 754 1879 818 mirum
1903 757 1952 818 est

233 880 304 926 eum
328 879 437 944 parurn
471 859 629 944 cognitum
661 861 760 927 luisse.
817 865 897 928 recte
932 883 1036 928 uocem
1070 863 1235 929 scholiasta
1269 861 1380 927 codicis
1405 857 1504 926 tien.b
1539 861 1670 942 explicat
1704 865 1757 925 τοῦ
1781 860 1876 946 ὅρους
1898 867 1951 926 τοῦ

231 969 438 1056 ὑψηλοτάτου,
472 972 524 1032 τοῦ
563 972 622 1032 τῶν
656 971 741 1055 ὀρῶν
770 969 920 1054 μέδοντος
942 995 985 1058 τιρ
1008 969 1088 1056 ὕφει.
1122 990 1214 1054 quam
1238 967 1469 1053 explicationem
1503 966 1542 1031 ad
1564 967 1745 1054 εὐρυμέδων
1767 969 1949 1034 vocabulum

237 1075 280 1140 ab
302 1075 451 1140 hhremio
473 1076 648 1141 restitutum
672 1077 821 1160 pertinere
844 1081 1012 1162 apparatu

397 1183 484 1261 VIII,
512 1185 562 1248 74.
611 1183 662 1247 θύ
693 1185 778 1268 μὰν
810 1184 916 1250 οὐδὲ
950 1185 1114 1268 horcon:
1153 1186 1214 1250 alli*
1239 1185 1312 1249 οὐδὲ
1342 1183 1443 1265 λόγων
1474 1183 1552 1269 αὐτῇ
1581 1181 1759 1271 drexpldpo,
1793 1183 1857 1248 οἷον
1879 1185 1953 1248 οὐδὲ

242 1292 277 1354 το
301 1291 397 1380 τυχόν.
436 1290 521 1354 δοκεῖ
541 1290 577 1354 δὲ
601 1293 635 1356 τὸ
659 1289 733 1366 ἔτος
752 1291 948 1382 peroptanda:
971 1293 1105 1358 ἐνταῦθα
1123 1316 1131 1333 ·
1149 1291 1239 1358 ἔνθεν
1261 1293 1290 1356 οἱ
1310 1291 1369 1376 μὲν
1391 1291 1560 1376 γράφουσιν
1593 1315 1610 1350 ο
1623 1289 1699 1355 tol
1721 1292 1854 1374 λόγου
1881 1293 1952 1356 ἀπεί

239 1395 347 1486 κρῖὕριι
369 1395 492 1466 ἄτοπον,
515 1401 620 1484 πικρὸν
642 1401 729 1487 αὐτῇ.

399 1503 486 1583 Quod
508 1505 671 1572 scholiasta
692 1507 802 1592 legisse
836 1508 956 1572 videtur
990 1508 1026 1571 od
1045 1509 1108 1594 ράν
1130 1507 1202 1571 οὐδὲ
1224 1507 1324 1589 λόγων
1347 1504 1471 1594 ἐκρὶιλῃν
1494 1503 1553 1569 ἄπο
1578 1505 1611 1568 τὸ
1635 1507 1739 1591 πικρὸν
1761 1505 1849 1594 αὐτῇ,
1883 1526 1952 1574 tuln

237 1615 269 1676 et
289 1615 388 1676 metro
412 1615 442 1678 et
465 1611 597 1678 Graecae
620 1613 742 1698 linguae
765 1616 883 1700 legibus
906 1615 1089 1692 adversetur,
1126 1613 1359 1698 improbandum
1382 1617 1436 1677 est.
1483 1613 1578 1676 altera
1608 1612 1698 1676 lectio
1721 1615 1766 1678 est
1788 1614 1878 1695 λόγου
1903 1617 1954 1678 τὸν

237 1721 344 1806 παρὸν
366 1738 401 1783 ac
423 1720 542 1802 saepius
565 1721 748 1786 adiectivum
772 1743 842 1787 cum
865 1723 994 1788 articulo
1017 1723 1205 1788 substantivo
1228 1721 1427 1805 postponitur.
1453 1719 1490 1784 cf.
1515 1721 1539 1798 l,
1564 1723 1615 1784 (33.
1640 1721 1681 1798 Il,
1709 1723 1779 1786 148.
1816 1721 1872 1799 III,
1898 1724 1950 1786 45.

239 1825 414 1910 quaerimus
437 1830 548 1905 autem,
584 1828 665 1911 quod
688 1831 830 1895 acerbum
853 1830 929 1896 illud
952 1831 1045 1896 tuerit
1067 1831 1202 1905 verbum,
1239 1827 1319 1913 quod
1353 1847 1410 1892 non
1433 1827 1641 1910 respondebat.
1698 1827 1813 1892 Verum
1847 1827 1953 1893 docere

238 1934 359 2000 videtur
393 1937 556 2002 scholiasta
578 1937 690 2002 codicis
712 1957 749 2020 p:
787 1939 820 2002 το
844 1939 948 2024 πικρόν
972 1963 980 1979 ·
1004 1939 1093 2025 ὅπερ,
1129 1940 1161 2001 το
1182 1938 1226 2025 ρι’)
1249 1933 1450 2023 ἀποκριθῆναί
1466 1958 1518 2018 ρε,
1552 1937 1656 2020 πικρὸν
1680 1933 1715 2022 ἦν
1742 1936 1829 2022 αὐτῇ,
1863 1955 1953 2020 quem

239 2045 372 2118 secutus,
397 2043 518 2108 etiamsi
541 2043 577 2108 de
599 2044 727 2129 singulis
749 2045 847 2110 verbis
870 2045 1005 2111 dubitari
1027 2047 1135 2129 potest,
1160 2043 1339 2108 Sententiam
1363 2047 1443 2107 recte
1465 2042 1509 2106 ita
1532 2043 1709 2125 expressisse
1735 2039 1812 2107 mihi
1834 2043 1954 2110 uidetur

240 2151 410 2215 hleinekius
431 2171 462 2234 p.
487 2153 561 2229 479,
586 2171 656 2216 eum
680 2151 802 2217 scribit:
834 2155 870 2216 od
890 2155 953 2239 ρὰυ
975 2154 1040 2218 οὐδ’
1065 2153 1183 2234 άλέριυυ
1206 2149 1330 2238 dapidus
1352 2149 1422 2225 ἄπο,
1447 2149 1617 2235 trigintaocto
1640 2147 1728 2238 αὐτῇ.

400 2257 439 2336 X,
464 2261 515 2324 38.
563 2259 735 2333 Ιλοῦκος
756 2283 764 2299 ·
788 2259 884 2344 tripu
905 2262 1018 2348 κύριον.
1063 2261 1146 2346 παρὰ
1170 2259 1205 2322 δὲ
1230 2257 1390 2344 λίκάνοριρ
1414 2260 1431 2319 ὑ
1453 2257 1610 2340 βουκόλοις.

400 2365 531 2430 Etiamsi
554 2365 720 2431 iiitnschio
743 2367 759 2430 I
780 2387 809 2448 p.
836 2371 898 2433 335
924 2387 1031 2433 nomen
1054 2367 1211 2451 proprium
1246 2385 1300 2449 pro
1324 2365 1454 2430 secunda
1487 2384 1612 2447 persona
1645 2367 1717 2450 poni
1751 2367 1952 2448 concedimus,

245 2473 354 2536 mirum
379 2475 481 2536 tamen
504 2475 558 2550 est,
594 2473 674 2556 quod
698 2473 801 2538 eadem
824 2468 1003 2560 personam
1025 2494 1113 2540 versu
1140 2477 1151 2538 l
1179 2477 1209 2537 et
1233 2477 1273 2536 55
1299 2472 1456 2546 Ιλουκοῖος,
1489 2472 1538 2536 hio
1562 2473 1680 2547 Ιλοῦκος
1700 2474 1881 2539 nominator.
1927 2477 1954 2542 si

241 2598 310 2644 vero
333 2582 364 2644 et
385 2579 499 2661 βοῦκος
526 2582 557 2644 et
577 2581 731 2662 βουκαῖος,
755 2585 790 2646 nt
812 2583 991 2648 scholiastae
1016 2581 1147 2666 (Ziegler
1168 2602 1196 2666 p.
1223 2584 1274 2658 68,
1299 2580 1417 2644 Atreus
1440 2581 1481 2658 ll,
1505 2601 1534 2664 p.
1560 2581 1637 2662 325)
1662 2580 1821 2664 explicant,
1856 2582 1954 2648 demi·

240 2687 345 2750 nutiva
367 2687 449 2750 uocis
470 2687 619 2768 βουκόλος
639 2691 717 2767 sunt,
743 2707 801 2754 non
824 2692 870 2754 est
892 2711 946 2755 cur
969 2689 1162 2754 offendamus.
1948 2685 1950 2694 ’

402 2794 457 2870 XI,
483 2795 535 2858 ⁶21.
586 2792 867 2882 Φιιιριυτέρο.
912 2798 1064 2884 γράᾳετιιι
1099 2793 1495 2882 σφριγουιυτέριιά)

406 2899 589 2989 Φιοριοτέρο
623 2922 693 2968 cum
727 2903 879 2988 significet
914 2904 1138 2990 „splendidum
1175 2922 1210 2966 ac
1243 2902 1326 2966 color
1358 2901 1457 2966 verbis
1493 2901 1585 2964 λευκὰ
1607 2904 1637 2966 et
1656 2902 1820 2988 λευκοτέρυ
1843 2909 1958 2980 τακτοῖς

239 3009 373 3073 condeio
406 3009 480 3074 satis
503 3029 650 3095 superque
678 3014 931 3078 commemoratus
954 3012 1003 3088 sit,
1040 3009 1231 3076 scribendum
1255 3011 1300 3074 est
1322 3009 1558 3094 σρριτονιοτέρο
1583 3009 1749 3084 ,tumidior
1782 3031 1874 3094 quam
1896 3031 1955 3077 uva

240 3117 438 3196 immatura‘,
475 3137 536 3201 qua
568 3117 792 3202 comparatione
821 3120 1017 3184 Theocritum
1051 3123 1132 3183 recte
1164 3137 1253 3182 usuum
1288 3134 1350 3180 esse
1372 3116 1562 3200 Hartuugius
1584 3116 1734 3194 Theocrit.
1760 3138 1789 3202 p.
1814 3120 1878 3182 422
1901 3118 1955 3182 de·

243 3225 402 3302 monstrat,
428 3225 481 3309 qui
504 3225 648 3290 Nonnum
669 3225 810 3304 XLVIII,
837 3229 901 3291 463
925 3229 1034 3290 testem
1057 3226 1141 3291 citat.
1173 3224 1209 3290 cl.
1234 3223 1403 3307 Hesychius
1427 3225 1595 3310 σφριγυυάυ
1619 3247 1626 3264 ·
1650 3225 1787 3310 depictos,
1822 3225 1955 3311 δαψιλές,

241 3331 393 3417 σφοδράν.
450 3333 618 3416 meliusque
651 3332 784 3397 tumidas
817 3335 946 3418 papillas
980 3353 1051 3398 cum
1085 3331 1258 3397 immaturis
1293 3349 1384 3414 quam
1419 3331 1547 3394 maturis
1580 3332 1647 3396 uvis
1675 3333 1843 3417 comparari
1868 3333 1955 3400 docet

244 3437 394 3503 Greuerus
417 3459 447 3524 p.
472 3442 524 3518 87,
549 3439 622 3523 quia
643 3440 788 3504 maturae
803 3460 930 3524 rugosae
953 3444 1030 3506 sunt.
1056 3441 1094 3505 ad
1117 3439 1251 3507 tumidas
1273 3438 1403 3523 papillas
1426 3439 1521 3502 refero
1544 3439 1637 3504 etiam
1659 3439 1839 3506 scholiastae
1861 3441 1955 3506 inter·

242 3547 443 3630 pretationem
467 3547 598 3624 (Ahrens
621 3547 661 3622 II,
686 3568 715 3632 p.
742 3551 819 3630 366)
845 3548 1034 3636 σκληροτέρου
1056 3548 1165 3633 ἀώρου
1188 3546 1350 3634 σταφυλῆς,
1385 3546 1495 3628 quibus
1526 3546 1625 3610 verbis
1647 3547 1832 3613 soliditatem
1855 3547 1955 3633 papil-

241 3655 342 3718 larum
373 3653 543 3738 significare
565 3655 640 3718 vult.
686 3654 871 3719 Ribbeckius
896 3654 965 3734 (Rh.
990 3655 1033 3718 M.
1058 3655 1158 3732 XVII,
1184 3675 1212 3738 p.
1239 3657 1326 3735 565),
1363 3653 1538 3730 Ahrensim,
1574 3653 1767 3730 Fritrschius,
1803 3655 1875 3738 quia
1897 3655 1955 3720 sibi

245 3765 453 3846 persuaserant
475 3763 545 3846 post
567 3761 659 3826 verba
678 3761 789 3850 μόσχου
813 3761 987 3849 γουροτέρο
1011 3761 1197 3845 sequendum
1220 3779 1292 3838 esse,
1317 3760 1397 3842 quod
1420 3760 1605 3825 adanimum
1623 3761 1767 3828 Galateae
1783 3763 1954 3848 pe1tineret,

245 3869 337 3932 uariis
359 3867 458 3933 modis
474 3869 576 3933 locum
592 3871 754 3944 teutamnt,
780 3869 832 3933 sed
848 3889 960 3946 causas,
987 3890 1040 3934 cur
1055 3871 1112 3934 hoc
1128 3869 1192 3932 fieri
1209 3887 1326 3932 necesse
1342 3871 1428 3945 esset,
1453 3889 1512 3933 non
1527 3869 1702 3948 attulerunt,
1728 3869 1784 3934 etsi
1800 3870 1956 3954 aptissime

244 3975 310 4040 fieri
334 3995 420 4060 posse
445 3974 584 4040 concedo.

404 4083 459 4158 XI,
484 4086 535 4148 41.
580 4081 884 4169 ’.λρνοφάριοςε
932 4083 1515 4170 γράφεταικοξριινυοφάρους.

407 4191 520 4277 hippoe
543 4211 613 4256 cum
635 4191 803 4268 hinnuleae,
827 4211 886 4256 non
899 4211 1003 4256 cervae
1026 4191 1095 4269 sint,
1120 4191 1292 4278 άρυορόροι
1316 4191 1377 4256 dici
1400 4212 1458 4256 uon
1481 4194 1613 4276 possunt.
1653 4211 1680 4254 u.
1699 4192 1718 4255 l.
1741 4192 1960 4277 ρουυορύρους

244 4299 430 4384 explicatur:
451 4299 566 4384 ράυνος
585 4298 664 4362 ἐστὶν
687 4301 704 4360 ο
728 4299 958 4387 περιτροχὴλιος
970 4299 1105 4383 κάσρος.
1124 4348 1130 4362 .
1150 4348 1156 4361 .
1178 4299 1323 4382 praescium
1346 4297 1483 4387 ἔχουσαι,
1512 4297 1645 4362 τουτέστι
1657 4303 1761 4387 χρυσᾶ
1777 4299 1957 4386 περιτραχή-

243 4407 304 4470 ira.
350 4407 382 4470 at
404 4406 537 4490 primum
561 4405 694 4482 otendit,
731 4405 810 4488 quod
833 4405 991 4470 hinnuleas
1024 4405 1188 4469 monilibus
1213 4408 1332 4470 ornatas
1356 4405 1472 4483 educat,
1508 4406 1540 4470 id
1564 4405 1644 4489 quod
1667 4409 1747 4471 recte
1769 4426 1800 4470 se
1823 4406 1956 4482 haberet,

246 4513 273 4576 ei
295 4513 415 4597 cyclops
439 4511 568 4577 diceret:
594 4511 673 4592 Quas
697 4513 755 4578 tibi
778 4513 855 4578 dono
878 4513 1041 4578 monilibus
1064 4512 1191 4576 ornatas.
1232 4515 1299 4578 tum
1315 4513 1469 4598 epitheton
1492 4512 1704 4592 desideramus,
1730 4512 1811 4597 quod
1835 4513 1961 4590 ,ράλλος

245 4617 403 4706 ἔρφυτου“
438 4619 658 4700 hinnulearum,
694 4639 752 4684 non
787 4623 926 4684 umatum
961 4619 1110 4703 quendam
1145 4619 1306 4704 significat.
1365 4620 1400 4686 cs.
1426 4621 1611 4686 Fritusohius
1633 4622 1658 4700 I,
1689 4642 1718 4706 p.
1745 4624 1818 4686 361.
1875 4621 1907 4685 in
1928 4640 1956 4686 v.

411 4837 435 4918 ⁶)
469 4834 550 4899 Aliis
584 4853 703 4920 quoque
733 4834 807 4899 locis
830 4835 1008 4916 interpretes
1031 4833 1154 4898 nomina
1175 4833 1300 4917 propria
1332 4837 1438 4915 poetae
1472 4835 1632 4901 obtrudere
1656 4835 1756 4900 conati
1779 4837 1858 4914 sunt,
1888 4854 1959 4900 cum

246 4942 404 5006 conicum
434 4941 578 5006 orationis
612 4961 671 5007 non
705 4941 764 5006 nisi
796 4941 981 5025 appellativa
1016 4939 1172 5024 efflagitet,
1206 4940 1292 5004 velut
1324 4941 1377 5019 IV,
1402 4943 1444 5007 ‘20
1479 4941 1635 5032 ΙΙυρρλχος
1654 4941 1693 5022 V,
1721 4943 1781 5006 102
1821 4939 1962 5030 Φάλαρος

248 5047 336 5128 VIII,
360 5052 402 5115 86
430 5049 578 5138 Marullus.
1349 5103 1350 5108 ,

412 5159 436 5240 ἵ)
462 5156 514 5223 sic
536 5156 617 5241 quod
640 5156 732 5222 codex
753 5157 878 5242 praebet
900 5163 1151 5242 σφϊγγυυειυτερα
1175 5154 1387 5240 corrigendum
1410 5157 1464 5220 est.
