4546 5690
1111 437 1130 496 ’.)

424 647 500 713 Cum
524 649 561 712 de
583 647 737 714 subeundo
761 648 923 712 certamine
946 649 1003 713 hoo
1025 649 1091 714 loco
1115 651 1233 731 agatur,
1269 649 1350 712 recte
1384 665 1486 710 ornnes
1511 647 1640 711 editores
1675 645 1775 711 ἔλαιον
1808 651 1974 714 semarunt.

258 757 378 822 Mirans
402 757 482 820 enim
504 756 615 820 Battus
639 777 656 820 a
681 753 835 840 Corydone
858 756 985 836 quaerit,
1011 776 1100 838 quem
1124 757 1162 820 ud
1186 755 1312 820 modum
1335 753 1450 817 fuctum
1473 754 1523 833 slt,
1548 755 1583 817 ut
1606 754 1720 838 Aegon,
1746 755 1799 837 qui
1822 775 1976 838 nunquam

259 865 434 946 palaestrae
458 882 581 946 operam
604 862 729 941 dedem't,
756 861 793 926 ad
819 862 961 948 Olympia
983 863 1232 946 proficisceretur.

425 971 479 1047 IV,
505 973 534 1034 8.
583 969 757 1056 Ιιίίρτος
789 970 976 1056 ἐρὶοὖεν
1000 995 1050 1058 γρ.
1073 972 1241 1044 κάλλος.

331 1106 333 1110 ·
425 1077 493 1141 Non
517 1076 647 1158 quadrat
680 1078 711 1142 in
733 1079 813 1142 huno
835 1079 938 1143 locum
961 1079 1067 1154 κάλλος
1086 1079 1277 1154 uocabulum,
1313 1095 1383 1140 cum
1406 1075 1512 1160 Aegon
1540 1075 1578 1140 ad
1602 1078 1768 1143 certamina
1791 1073 1976 1146 athletarum

262 1203 418 1249 unacum
440 1184 564 1264 Milone,
600 1185 768 1250 clarissimo
792 1186 846 1250 illo
869 1187 994 1263 athleta,
1030 1186 1182 1269 profectus
1205 1186 1254 1250 sit.
1300 1183 1353 1270 βίη
1379 1186 1429 1248 καὶ
1450 1185 1563 1268 κάρτος
1582 1185 1758 1268 saepissime
1781 1189 1819 1251 ab
1843 1188 1977 1254 Homero

263 1285 500 1376 conlunguntur.
549 1292 585 1356 cf.
611 1291 667 1356 od.
692 1292 746 1370 IV,
772 1295 846 1358 415.
895 1294 948 1368 VI,
977 1297 1047 1357 197.
1095 1293 1182 1370 ΧΙΠ,
1210 1295 1282 1358 143.
1329 1291 1446 1368 XVIII,
1475 1293 1546 1356 139.

426 1399 479 1476 IV,
506 1401 557 1463 ²22.
607 1399 859 1488 Ιιακογράογιιοντ
885 1401 904 1490 ᾖ
928 1404 945 1464 ὖ
970 1405 1139 1486 ταῦρος
1160 1401 1179 1491 λγ
1203 1403 1220 1462 ι’)
1245 1399 1393 1487 ὖῆρος.

425 1506 563 1584 Battum,
600 1507 653 1588 qui
686 1509 766 1572 male
800 1507 993 1592 Lampriadis
1026 1511 1173 1590 precetur,
1210 1527 1331 1572 causam
1366 1507 1428 1570 irae
1462 1525 1532 1570 suae
1566 1506 1698 1590 prolerre
1722 1512 1850 1592 oportet,
1886 1529 1979 1592 quare

256 1617 282 1678 ά
304 1613 408 1703 (λῆρος
430 1614 623 1679 scribendum
647 1617 700 1680 est.

425 1722 478 1798 IV,
505 1723 556 1786 57.
600 1718 775 1807 Ῥάγινοι
809 1725 882 1788 καὶ
915 1722 1195 1787 αὀπάλαῦοιτ
1221 1723 1373 1809 γράφεται
1395 1723 1445 1784 καὶ
1468 1722 1636 1787 κάκτοι.

426 1829 504 1894 Cum
526 1846 629 1892 omnes
653 1828 770 1894 codices
793 1850 823 1895 v.
836 1833 949 1918 ράρνοι
972 1830 1144 1913 praebeant,
1169 1830 1201 1894 iu
1224 1849 1258 1894 ea
1273 1829 1500 1911 acquiescimus,
1526 1830 1557 1892 et
1576 1832 1695 1918 ῥάμνος
1716 1833 1746 1896 et
1768 1833 1876 1906 κάκτος
1897 1831 1982 1907 εὖῦος
2061 1849 2063 1858 ‘

260 1935 412 2025 (λιιάνῦης.

431 2043 469 2120 V,
495 2046 547 2108 ⁶25.
596 2043 952 2118 Ιιίιὶπιῦςιῦκὶναῦ’
991 2038 1418 2130 εὖ;“γρ,ιῦκιναο“εῦ.

430 2149 517 2230 Quod
540 2151 602 2216 iam
625 2151 882 2216 IVordsuorthius
905 2151 1102 2230 intellexerat,
1139 2151 1260 2215 κιναῦεὖ
1284 2150 1475 2216 scribendum
1499 2169 1562 2215 esse
1584 2150 1681 2216 κοινά
1709 2146 1744 2216 εὖ
1767 2153 1789 2218 i.
1813 2173 1838 2218 e.
1861 2153 1982 2230 κίναδος

263 2259 318 2334 οὖ,
340 2260 486 2324 lemmate
509 2259 618 2324 scholii
641 2261 730 2342 plane
753 2259 956 2324 confirmatur.

427 2367 465 2444 V,
494 2369 564 2430 109.
610 2365 718 2430 ’λ’ντλ
752 2367 834 2452 γὰρ
869 2365 995 2431 ιιῦαι;
1031 2368 1182 2453 γράφεται
1206 2368 1256 2430 καλ
1279 2365 1391 2440 ἄξαι.
1426 2367 1577 2453 γράφεται
1599 2368 1650 2430 καλ
1672 2367 1813 2432 αὖταλ.

429 2473 505 2538 Cum
528 2473 575 2537 his
600 2473 713 2538 codicis
724 2474 920 2542 AmbrosIani
942 2473 1123 2538 lectionibus
1147 2476 1317 2558 congruunt
1338 2473 1462 2551 scholia,
1488 2491 1564 2554 quac
1587 2473 1625 2537 ab
1642 2473 1790 2540 Ahrensio
1814 2472 1980 2541 vetristiom

260 2583 467 2668 appellantur,
503 2582 670 2646 recentiora
702 2584 858 2663 praeterea
880 2581 900 2646 I.
926 2581 1000 2663 ὖβαι
1023 2581 1177 2664 praebent.
1223 2580 1303 2662 quod
1337 2580 1376 2644 ad
1408 2579 1569 2644 lectionem
1593 2580 1653 2644 ἐντὶ
1676 2583 1736 2668 γάρ
1760 2581 1832 2646 αὖοι
1855 2583 1976 2661 attinet,

260 2711 360 2774 quam
383 2687 415 2754 ἵν’
444 2683 473 2776 ᾗ
493 2689 586 2774 ράναι
608 2689 771 2752 scholiasta
805 2689 944 2771 explicat,
980 2707 1119 2771 perversa
1153 2689 1198 2753 est
1231 2707 1326 2770 neque
1359 2687 1458 2751 ullum
1492 2688 1616 2770 praehet
1638 2705 1767 2753 sensum.
1814 2693 1981 2772 sequuntur

264 2799 411 2864 lectiones
433 2795 516 2868 οὖαι,
549 2794 628 2869 ἄξαι,
663 2795 759 2860 altera
781 2814 838 2860 uox
861 2795 1055 2872 adiectivum,
1086 2796 1182 2860 altera
1204 2795 1437 2861 substantivum.
1485 2813 1561 2876 quae
1588 2795 1709 2877 utrique
1731 2797 1879 2862 vocabulo
1902 2797 1981 2863 inest

267 2905 371 2983 ,andi
394 2907 426 2968 et
448 2903 608 2967 exstruam
634 2903 726 2980 notio,
749 2903 875 2967 minime
898 2903 929 2968 In
953 2903 1033 2967 huno
1056 2902 1184 2984 quadret
1206 2903 1317 2980 locum,
1347 2921 1417 2967 nam
1441 2902 1466 2966 si
1490 2902 1566 2968 vites
1590 2902 1691 2966 audac
1713 2903 1783 2982 sint,
1808 2924 1862 2969 cur
1884 2905 1939 2970 has
1962 2925 1982 2969 a

265 3013 393 3078 locustin
416 3009 573 3075 defendere
595 3009 669 3074 uelit
682 3009 831 3086 Comatae,
856 3029 914 3074 non
937 3010 1152 3094 intellegimur.
1189 3010 1290 3093 glossa
1311 3009 1434 3092 quidem
1458 3009 1570 3074 codicis
1594 3012 1613 3074 5
1637 3007 1709 3073 αὖοι
1732 3011 1862 3094 explicat
1884 3012 1981 3076 πέτει-

258 3145 329 3208 ροι,
354 3118 505 3183 τουτέστιν
527 3117 637 3203 τῦριροι
659 3118 709 3180 καὶ
731 3117 804 3200 ὅσον
826 3118 908 3192 εἷκῦς
929 3115 1151 3204 άεργιανῦεἲσαι
1177 3119 1228 3202 squ*
1254 3116 1338 3205 ὴλίιρ.
1373 3119 1406 3181 at
1428 3115 1562 3200 ἄμπελος
1582 3117 1663 3200 apud
1679 3118 1874 3184 Theocritum
1896 3119 1979 3198 VIIIS,

268 3247 328 3293 non
350 3245 410 3292 uva
433 3226 479 3289 est
507 3224 556 3306 (cf.
581 3223 680 3302 XLII
705 3221 839 3308 ἄμπελος
859 3225 879 3287 ά
903 3225 1110 3312 γλοιιάκαρττος
1130 3226 1186 3306 IIp.
1211 3225 1265 3301 IV,
1291 3229 1310 3289 t)
1333 3224 1522 3310 βοτρνάτταις
1542 3224 1685 3308 ἄμπελος)
1710 3245 1804 3307 nequo
1828 3223 1904 3301 αὖος
1925 3226 1980 3291 ad-

267 3335 393 3399 hibetur
426 3333 484 3397 nisi
519 3351 588 3396 cum
623 3331 743 3395 notione
777 3330 857 3394 aridi
884 3333 915 3395 et
937 3332 1010 3397 sicci
1045 3329 1095 3413 (cf.
1120 3332 1206 3408 VIII,
1232 3335 1273 3398 48
1308 3334 1340 3396 oi
1362 3332 1437 3413 βάες
1458 3333 1603 3418 αὖάτεραι
1624 3333 1710 3410 XXI,
1737 3337 1754 3396 7
1785 3333 1883 3419 βρύον
1906 3331 1982 3397 αὖον

268 3441 385 3518 XXIV,
410 3441 453 3504 94
477 3437 552 3503 αὖον
575 3438 709 3527 ἄγερῦον
732 3437 830 3515 XXV,
859 3440 919 3502 142
944 3437 1146 3514 utlagariae
1168 3439 1407 3516 le‘ourogXXV,
1432 3440 1496 3503 225
1524 3439 1661 3526 ράτταλον
1684 3437 1759 3503 αὖον
1781 3441 1911 3520 XXVII,
1941 3444 1978 3505 ll

263 3551 306 3614 οὖ
327 3548 426 3637 ράῦον
448 3543 524 3610 αὖον
548 3547 680 3627 ὀλεῖται).
728 3545 785 3609 hoc
808 3545 874 3610 loco
897 3545 971 3627 ὖβαι
993 3546 1154 3630 legendum
1178 3565 1240 3610 esse
1262 3548 1392 3612 testatur
1414 3547 1583 3631 Hesychius
1607 3547 1680 3635 ἥβη,
1704 3547 1818 3636 νεάτης,
1842 3549 1922 3636 άκρὴ
1939 3586 1982 3596 -α

263 3659 320 3721 καὶ
343 3655 485 3742 ἄμπελος.
508 3672 695 3735 quamquam
719 3653 943 3718 substantivum
967 3654 1043 3718 mire
1065 3672 1120 3736 pro
1143 3653 1291 3718 adiectiro
1313 3657 1494 3736 usurpatum
1517 3655 1571 3718 est.

430 3761 467 3838 V,
496 3765 567 3824 116.
608 3755 715 3823 ’lloo
746 3759 954 3845 γιέριναόε
980 3760 1251 3849 γράφεταιῆῥιλ
1282 3761 1429 3846 γιέγινα
1451 3761 1472 3826 i.
1498 3780 1522 3826 e.
1545 3761 1659 3849 μέγινᾳ.

431 3868 622 3948 Quamquam
646 3867 765 3932 hiatum
789 3869 926 3950 exempla
947 3887 966 3932 a
991 3867 1158 3934 Ihitrschio
1182 3868 1240 3951 (ed.
1266 3868 1336 3951 maj.
1361 3869 1386 3932 I.
1411 3889 1440 3951 p.
1470 3869 1544 3951 175)
1580 3887 1614 3932 ex
1635 3869 1769 3934 Homero
1804 3869 1898 3934 allato
1928 3868 1982 3934 de-

267 3977 404 4056 fendunt,
427 3979 529 4041 tamen
553 3979 685 4040 metrum
707 3976 890 4060 perticulam
910 3976 956 4064 ῥά
978 3975 1077 4039 versui
1101 3976 1229 4040 Inserere
1252 3995 1310 4040 nou
1334 3975 1480 4040 admittit

430 4084 468 4162 V,
499 4085 568 4148 142.
618 4083 770 4171 [ι’ὴγὼν
805 4085 887 4168 γὰρ
924 4080 975 4146 ἴδ’
1015 4085 1077 4156 ὡς.
1124 4084 1276 4169 γράφεται
1309 4083 1428 4165 ιιᾶγὼ
1460 4083 1540 4167 μὲν
1575 4079 1627 4145 ἴδ’
1667 4086 1731 4158 α’)ς.
1760 4101 1761 4104 ’

433 4191 583 4268 Comatae,
608 4209 677 4254 cum
702 4211 806 4274 capros
818 4191 965 4268 hortetur,
989 4192 1025 4253 ut
1045 4190 1203 4266 laetentur,
1232 4190 1424 4272 insequenti
1453 4189 1617 4254 sententiae
1640 4193 1726 4272 parte
1750 4209 1872 4255 causam
1894 4191 1985 4256 huius

269 4298 407 4364 laetitae
442 4299 575 4381 proferat
608 4317 725 4362 necesse
760 4299 814 4376 eet,
850 4316 942 4379 quare
977 4299 1036 4382 γάρ
1070 4296 1233 4381 legendum
1256 4299 1309 4361 est.
1356 4316 1409 4379 per
1443 4298 1540 4362 cresin
1562 4297 1613 4361 καί
1633 4317 1702 4363 cum
1727 4299 1789 4381 ἐγὼ
1813 4317 1932 4381 semper
1953 4299 1984 4363 in

269 4406 360 4493 κῆγώ
385 4407 446 4487 (uel
468 4406 583 4493 κὴγάν)
608 4406 757 4470 coalescit.
805 4405 841 4468 cl.
867 4405 905 4484 V,
934 4407 992 4468 121
1019 4405 1089 4482 VII,
1116 4408 1166 4468 50.
1192 4407 1243 4467 63.
1270 4407 1309 4468 91
1336 4409 1392 4469 eto.

434 4513 471 4592 V,
498 4516 569 4578 145.
620 4511 921 4600 Ιιέροογίῦεςε
959 4514 990 4575 αἱ
1012 4512 1193 4599 κεραφῦροι.
1237 4511 1511 4598 κεροολὶὖες
1536 4515 1567 4576 αἱ
1601 4511 1676 4576 οὖλα
1706 4513 1821 4600 κέρατα
1845 4511 1982 4603 ἔχουσαι.

264 4617 464 4708 ιερονλιάῦες
486 4621 517 4683 αἱ
540 4621 600 4684 άπὸ
626 4625 686 4684 τῶν
708 4622 847 4706 κεράτιον
870 4619 1037 4704 ἑλκάρεναι.

433 4726 584 4808 Displicet
606 4748 633 4792 v.
658 4726 832 4814 κερονλιίὶες
852 4746 928 4808 quae
949 4727 1069 4810 Integra
1103 4746 1213 4791 cornua
1234 4728 1362 4804 habent;
1401 4725 1591 4814 κεροολκίῦες
1622 4729 1697 4793 salso
1732 4729 1919 4814 explicantur
1955 4729 1986 4792 ot

268 4836 335 4899 άπὸ
360 4840 420 4899 τῶν
442 4834 582 4919 κεράτιον
606 4836 773 4920 ἑλκόμενοι,
806 4837 877 4898 sunt
900 4834 980 4898 enim
1003 4853 1079 4916 quae
1102 4834 1241 4900 comibus
1264 4836 1397 4911 trahunt,
1431 4854 1490 4899 nou
1514 4854 1590 4916 quae
1612 4856 1630 4900 a
1653 4837 1792 4902 comibus
1814 4836 1984 4901 trahuntur.

267 4945 379 5008 contra
400 4962 505 5008 vocem
528 4941 714 5030 κερονγίάες,
738 4961 923 5025 quamquam
946 4961 1040 5024 neque
1063 4942 1137 5006 haec
1157 4942 1274 5026 generis
1295 4942 1431 5008 feminini
1447 4943 1544 5008 forma
1560 4943 1712 5008 inuenitur
1726 4961 1822 5025 neque
1838 4947 1989 5032 κεροῦγος

251 5067 345 5138 ‘cum
368 5051 489 5115 notIone
513 5050 692 5137 κεραφάρος
712 5053 817 5128 exstat,
842 5050 1002 5132 praecipue
1024 5049 1081 5113 hoc
1102 5051 1204 5114 tomen
1226 5049 1409 5116 monendum
1433 5069 1494 5114 esee
1510 5050 1586 5116 dinit
1601 5051 1767 5116 Ahrensius
1784 5051 1909 5135 (Philol.
1926 5053 1989 5116 VII
