4546 5690
1027 459 1069 521 ‘23

192 673 286 738 lonos.
327 673 361 754 8)
385 673 421 737 Iu
434 671 556 736 wietern
578 670 619 736 ist
641 669 694 736 dos
710 671 801 736 Wort
816 669 961 737 Schillers
984 671 1113 756 richtig:
1140 673 1222 748 ..Das
1237 671 1338 737 Leben
1360 672 1401 736 ist
1423 671 1477 736 der
1500 669 1597 736 (iuter
1618 671 1757 735 hochstet
1782 670 1899 748 nicht*

190 779 254 844 und
276 778 308 844 in
324 779 444 844 uietern
466 779 542 844 least
564 797 594 843 es
617 779 681 842 sich
704 779 757 843 der
773 777 870 844 Gliter
892 778 1030 845 hochstes
1046 784 1183 844 neuneu?
1206 778 1487 864 (Klassenaufsatz.)
1525 781 1559 859 o)
1583 777 1902 843 Abituriententhema

192 907 229 954 zu
253 886 362 952 Ostern
389 889 482 952 1881.

353 995 400 1058 Irn
429 992 786 1058 Lateinischen:
830 994 860 1075 1)
884 1013 910 1058 a.
945 993 1153 1072 Carnarius,
1188 995 1288 1060 11111
1310 995 1387 1061 Vell.
1413 995 1480 1059 Pat.
1505 994 1545 1072 H,
1574 995 1623 1072 ra,
1656 991 1803 1076 aspiciens
1827 991 1900 1057 Cor·

192 1102 358 1186 thaginem,
383 1101 439 1167 illa
460 1101 580 1166 intuens
605 1100 737 1165 Marium
761 1099 949 1165 alteralteri
972 1101 1081 1166 solutio
1104 1119 1167 1166 esse
1189 1103 1352 1184 potuerint.
1403 1103 1432 1166 b.
1468 1101 1540 1165 Vlia
1562 1099 1709 1164 contineri
1731 1100 1779 1164 bis
1801 1101 1901 1165 uerbis

192 1208 346 1274 Ciceronis
370 1209 471 1292 (Taso.
495 1207 584 1291 Disp.
607 1207 634 1287 1,
660 1209 735 1290 45);
777 1225 885 1284 ..nenio
907 1227 1017 1290 pamm
1037 1208 1090 1272 diu
1112 1208 1197 1286 vixit,
1233 1209 1286 1290 qui
1308 1209 1430 1274 uirtutis
1453 1209 1603 1292 perfectae
1625 1207 1757 1289 pertento
1781 1207 1900 1272 structus

191 1317 239 1380 aa
272 1326 427 1392 munerat
466 1313 610 1380 solatium
644 1315 762 1393 mertia,
801 1313 1032 1380 incitamentum
1066 1316 1199 1393 uirtutis,
1239 1315 1389 1382 Ciceronis
1422 1315 1518 1399 ipsius
1552 1313 1589 1378 de
1622 1331 1654 1377 se
1681 1314 1899 1379 testimonium.

190 1441 218 1488 e.
243 1423 367 1487 Veteres
401 1421 574 1506 philosophi
612 1421 685 1504 quid
718 1421 756 1486 de
789 1440 908 1487 summo
942 1421 1021 1488 bono
1052 1421 1206 1502 senserint
1241 1423 1317 1488 duce
1340 1421 1481 1488 Cicerone
1515 1421 1566 1505 (de
1587 1421 1637 1485 lin.
1661 1420 1690 1502 Ι)
1725 1420 1899 1503 explicetur.

193 1531 227 1612 ⁶2)
251 1549 278 1594 a.
313 1529 483 1608 Quaeritur,
511 1548 564 1594 cur
588 1529 733 1609 omniurn,
759 1547 835 1610 quae
858 1547 991 1610 unquam
1015 1529 1193 1594 aRomanis
1216 1531 1301 1613 gesta
1322 1531 1401 1608 arunt,
1425 1529 1575 1594 bellorum
1586 1526 1775 1594 nobilissima
1789 1527 1901 1594 iruerint

190 1637 361 1703 Samnitica
382 1639 413 1702 et
435 1637 560 1702 Punica.
609 1635 638 1700 b.
676 1637 829 1700 Romanos
852 1655 922 1702 curn
946 1635 1134 1702 Samnitibus
1157 1636 1194 1701 de
1217 1635 1324 1702 ltaliae
1347 1637 1529 1720 principatu,
1565 1635 1601 1700 de
1635 1633 1716 1698 orbis
1750 1636 1899 1700 terrarum

190 1744 320 1828 imperio
344 1763 414 1810 cunr
438 1743 741 1828 Carthaginiensibus
764 1742 932 1808 dimicasse.
980 1763 1005 1808 c.
1041 1742 1179 1808 Socrates
1202 1745 1238 1808 ut
1259 1744 1323 1808 rita
1345 1762 1400 1808 sua
1421 1742 1580 1826 indignum
1604 1743 1649 1807 ita
1671 1741 1809 1807 doctrina
1831 1742 1900 1828 dig·

195 1851 354 1916 nissimum
377 1851 490 1916 exitum
514 1852 630 1916 habuit.
679 1853 712 1933 3)
747 1848 863 1928 Quibus
885 1851 974 1915 rebus
995 1850 1149 1916 Hannibal
1173 1850 1321 1915 adductus
1344 1851 1392 1929 sit,
1428 1854 1464 1914 ut
1484 1850 1636 1914 Romanos
1659 1849 1690 1913 in
1713 1849 1804 1914 Italia
1826 1849 1900 1915 ado·

194 1959 315 2035 riretur,
353 1957 464 2040 quibus
497 1977 534 2024 ne
568 1959 648 2024 bello
682 1957 824 2036 uinceret,
858 1958 1034 2042 impeditus.
1080 1957 1358 2041 (Klassenantsatu).
1416 1958 1450 2041 4)
1473 1976 1499 2022 1.
1547 1955 1748 2022 Graxissimos
1771 1957 1900 2022 nominis

192 2065 323 2130 Romani
356 2065 457 2130 hostes
480 2066 629 2130 exstitisse
663 2064 694 2130 in
716 2065 822 2130 Africa
843 2065 1034 2150 Iugurtham,
1069 2066 1100 2129 in
1123 2065 1199 2128 Asia
1220 2064 1440 2130 Mithridatem.
1499 2065 1528 2128 b.
1568 2063 1732 2128 Horatium
1766 2083 1900 2146 quaese

192 2176 344 2256 praestare
367 2191 453 2256 posse
475 2175 565 2256 neget
587 2172 687 2237 officia
709 2173 837 2256 poetica,
872 2191 960 2255 saepe
982 2173 1061 2236 rnira
1094 2171 1290 2237 recusationis
1312 2174 1376 2236 arte
1397 2173 1558 2254 praestare,
1593 2171 1696 2235 allatis
1731 2171 1899 2236 carminum

194 2280 337 2363 exemplis
360 2279 513 2363 probetur.
562 2281 595 2364 5)
630 2279 949 2344 Abitnriententhama
970 2299 1006 2344 zu
1040 2279 1173 2343 blichael
1200 2280 1293 2342 1880.
1342 2282 1424 2361 1))3.
1471 2279 1513 2343 11.
1538 2277 1672 2342 Atilium
1695 2276 1847 2360 Regulum
1870 2282 1901 2342 ct

193 2387 235 2452 M.
261 2387 406 2452 Porcium
430 2386 574 2452 Catonern
597 2387 747 2452 virtutum
770 2405 838 2451 vere
861 2385 1067 2450 Romanarum
1089 2387 1220 2450 alterurn
1254 2385 1439 2450 constantiae
1463 2385 1592 2450 altemm
1617 2383 1776 2468 gravitatis
1800 2404 1899 2449 exem·

192 2495 291 2579 plaria
323 2494 423 2558 tuisse.
482 2494 511 2558 b.
548 2493 635 2572 Quod
658 2494 781 2559 Tacitus
815 2493 860 2558 ait
894 2493 982 2578 (Agr.
1011 2495 1051 2575 1),
1087 2493 1214 2558 rirtrrtes
1237 2490 1334 2556 isdem
1367 2492 1554 2575 temporibus
1588 2491 1703 2574 optime
1735 2492 1898 2570 aestimari,

194 2603 304 2684 quibus
328 2601 473 2666 facillime
496 2602 670 2686 gignantur,
695 2600 728 2665 id
750 2601 938 2685 argumentis
961 2601 1176 2682 comprobetur
1198 2602 1229 2664 et
1250 2600 1396 2683 exemplis
1418 2601 1535 2682 aliquot
1557 2618 1592 2662 ex
1614 2597 1743 2663 historia
1764 2599 1901 2664 Romana

191 2709 296 2792 petitis
330 2707 507 2773 iltustretur.
568 2711 601 2791 7)
625 2727 652 2772 a.
698 2709 840 2774 Veterem
863 2708 1070 2773 Romanorum
1106 2709 1236 2772 aetatem
1271 2706 1391 2787 vidisse,
1428 2707 1500 2790 quid
1535 2707 1680 2772 ultimum
1706 2705 1738 2769 in
1761 2705 1900 2770 libertate

194 2817 278 2882 esset.
305 2815 387 2898 (Vae.
413 2815 488 2900 Agr.
514 2817 558 2897 ⁸2).
604 2817 634 2880 h.
659 2814 725 2894 Quo
749 2815 812 2879 iure
836 2815 946 2880 dixerit
968 2815 1092 2879 Tacitus
1124 2815 1211 2898 (Agr.
1240 2815 1303 2896 14),
1337 2817 1468 2880 veterem
1502 2813 1593 2878 fuisse
1616 2832 1651 2877 ac
1684 2811 1747 2876 iarn
1781 2812 1900 2895 pridem

194 2925 347 3006 receptam
371 2922 476 3005 populi
499 2923 630 2987 Romani
653 2922 909 3000 consuetudinem,
933 2924 969 2986 ut
990 2923 1191 2986 instmmenta
1213 2921 1367 2986 seruitutis
1390 2922 1514 2986 haberet
1537 2923 1568 2985 et
1590 2939 1684 3004 reges.
1732 2920 1766 3001 8)
1801 2917 1899 2998 Quae-

192 3031 279 3108 ritur,
314 3049 368 3094 cur
390 3029 524 3094 confecto
546 3029 627 3094 bello
649 3029 771 3095 Persico
793 3029 873 3094 inter
895 3029 985 3094 duces
1008 3028 1226 3093 Themistocles
1259 3027 1398 3111 princeps
1432 3029 1591 3094 civitatum
1621 3025 1794 3091 testimonio
1817 3024 1898 3090 iudi-

194 3140 278 3202 catus
309 3137 350 3202 sit
373 3137 460 3219 (lust.
485 3137 526 3213 Π,
555 3137 618 3220 ll).
655 3135 933 3223 (Klassenautsatz.)
978 3137 1011 3218 9)
1036 3155 1062 3200 a.
1097 3135 1165 3200 Tib.
1190 3135 1344 3200 Gracchus
1368 3154 1441 3200 num
1463 3155 1566 3199 revera
1588 3152 1714 3218 regnum
1736 3133 1897 3215 paraverit.

195 3243 280 3329 (Sall.
305 3244 335 3309 b.
359 3244 383 3307 I.
409 3245 474 3326 31).
531 3244 561 3308 b.
601 3242 667 3322 Quo
701 3244 765 3307 iure
800 3243 909 3308 dixerit
930 3243 1064 3308 Iustinus
1087 3242 1155 3325 (IX,
1181 3245 1214 3324 8)
1248 3241 1454 3307 Alexandrum
1477 3244 1625 3326 Magnum
1659 3241 1689 3305 et
1723 3239 1836 3304 virtute
1869 3241 1900 3306 et

197 3351 278 3416 vitiis
301 3353 387 3434 patre
410 3351 558 3416 maiorem
580 3351 680 3415 fuisse.
732 3353 785 3433 ro)
819 3349 1138 3415 Abituriententhema
1158 3369 1195 3413 nu
1218 3348 1326 3413 Ostern
1354 3353 1446 3415 1881.

819 3456 864 3525 h.
912 3453 1277 3524 Umter-Prlrna.

354 3564 401 3628 Im
436 3564 717 3629 Deutschen:
767 3565 798 3646 1)
822 3584 848 3628 a.
889 3563 947 3628 Die
969 3561 1149 3646 Bedeutung
1182 3581 1240 3627 von
1263 3563 1392 3627 Luthers
1416 3564 1713 3650 Bibelubersetnung.
1772 3567 1802 3630 b.
1841 3567 1900 3631 Die

107 3661 111 3670 ²
194 3671 424 3755 Meistersanger
457 3671 519 3736 und
541 3672 606 3736 ihre
629 3670 817 3754 Bedeutung.
875 3671 908 3756 2)
941 3670 1069 3752 Kampl*
1103 3669 1165 3734 und
1188 3670 1337 3753 erktmpt*
1362 3669 1410 3735 dir
1432 3671 1539 3756 aignan
1562 3671 1659 3750 Wert
1695 3673 1898 3738 Hausbachen

193 3779 271 3844 Brot
292 3798 342 3843 am
357 3779 462 3844 beaten
485 3779 582 3844 111111.
624 3780 657 3860 3)
681 3776 837 3842 Wodurch
860 3777 902 3841 ist
924 3795 954 3841 es
969 3775 1171 3859 Shukapearc
1188 3777 1219 3842 in
1240 3779 1350 3843 seinem
1377 3779 1498 3853 ..Julius
1515 3777 1625 3844 casare
1650 3780 1799 3866 gelungen
1821 3781 1911 3845 auch

194 3887 272 3951 nach
294 3885 363 3950 dem
385 3885 468 3950 Tode
491 3883 542 3948 des
565 3885 684 3950 Helden
706 3904 795 3949 unser
817 3885 963 3950 Interesse
986 3904 1022 3948 zu
1045 3884 1177 3949 fosseln?
1211 3885 1244 3967 l)
1268 3885 1325 3950 Die
1341 3886 1504 3950 Phantasie
1526 3885 1603 3950 nach
1626 3887 1695 3950 dem
1712 3885 1900 3952 Gotheschen

197 3991 361 4059 Gediohte:
389 3993 508 4070 „Meine
532 3991 668 4057 ecelin—⁴
716 3995 749 4073 5)
773 3991 919 4056 Welchen
942 3990 1073 4056 Linfluss
1096 3991 1150 4056 hat
1172 3991 1225 4056 der
1239 3993 1400 4057 Acherhau
1423 3993 1478 4058 111
1497 3993 1545 4058 die
1565 3993 1901 4078 Iiultnrentuickelung

197 4100 250 4166 der
271 4101 406 4166 voluer?
442 4098 616 4183 (Sommer).
665 4101 698 4180 6)
728 4099 871 4163 Vorfabel
894 4099 925 4163 in
948 4097 1092 4163 Schillers
1114 4098 1324 4164 Wallenstein.
1374 4103 1405 4183 1)
1440 4101 1510 4164 Wie
1532 4101 1652 4165 hommt
1674 4120 1714 4176 es.
1738 4101 1807 4166 dass
1829 4121 1900 4166 man

195 4208 255 4272 mit
277 4208 347 4274 dem
370 4207 525 4274 Schicksal
547 4206 598 4270 des
621 4205 841 4271 Schillerschen
864 4206 1064 4270 lVallenstein
1086 4205 1209 4270 Mitleid
1233 4206 1402 4289 empfinden
1424 4211 1532 4272 musa?
1567 4210 1600 4291 8)
1624 4205 1827 4292 Erlauterung
1848 4207 1902 4272 der

197 4315 413 4399 Lessingschen
436 4313 601 4378 Definition
625 4313 677 4377 der
699 4313 801 4378 Fabel.
860 4314 893 4394 a)
928 4314 1023 4378 Leaen
1045 4312 1150 4378 macht
1172 4313 1263 4391 reich,
1299 4314 1401 4379 Reden
1424 4314 1572 4398 gerendi,
1608 4314 1770 4380 Schreiben
1793 4333 1899 4398 genau.

201 4425 253 4504 10)
276 4423 334 4486 Die
358 4421 422 4486 drei
446 4421 667 4486 dramatischen
684 4420 843 4484 Einheiten
865 4420 908 4483 irn
925 4420 1090 4484 Ansclrluss
1114 4441 1152 4485 an
1167 4421 1308 4504 Lessings
1324 4421 1435 4486 Hamb.
1452 4421 1557 4486 Dram.
1576 4424 1717 4487 44-46.
1744 4422 1899 4505 (Winter).

356 4530 403 4593 lm
425 4527 775 4594 Lateiniscben:
816 4530 846 4610 1)
881 4527 1494 4610 1111111111Β1111111ι111111111ἰι111.
1544 4531 1576 4612 2)
1600 4548 1626 4594 a.
1661 4529 1799 4612 Agesilai
1821 4530 1901 4613 regis

197 4636 503 4701 Lacedaemoniorum
538 4638 569 4700 et
590 4653 637 4700 ras
670 4637 772 4718 gestae
800 4637 957 4699 narrentur
980 4638 1010 4699 et
1031 4636 1139 4699 natura
1161 4653 1317 4717 moresque
1341 4638 1534 4717 exponantur.
1581 4637 1609 4700 b.
1645 4637 1790 4700 Dolorem
1824 4637 1901 4700 tole·

196 4744 298 4807 131111
331 4743 396 4826 pati
430 4761 499 4808 rere
533 4761 595 4807 esse
629 4743 805 4806 humanum.
865 4744 898 4825 3)
933 4741 1166 4806 Probandumne
1188 4741 1237 4820 sit,
1274 4740 1354 4824 quod
1377 4741 1479 4824 Scipio
1501 4742 1691 4807 Aemilianus
1726 4742 1831 4807 nuntio
1864 4741 1901 4806 de

200 4850 289 4915 caede
304 4851 371 4916 Tib.
391 4849 522 4914 Gracchi
544 4850 637 4914 allato
661 4848 770 4913 dixisse
793 4849 903 4914 fertur:
928 4852 973 4923 ὡς
994 4849 1134 4912 ἀπόλοιτο
1157 4851 1207 4914 καὶ
1229 4848 1317 4923 &aare
1336 4850 1400 4922 ὅτις
1420 4851 1546 4914 τοιαῦτά
1567 4873 1602 4932 γε
1622 4849 1731 4938 ῥέζοιῖ
1771 4851 1803 4930 4)
1828 4848 1902 4928 Quis

197 4953 236 5020 de
257 4957 487 5022 Atheniensium
523 4957 679 5040 republica
702 4957 816 5040 optime
850 4957 993 5020 memisse
1015 4954 1162 5021 rideatur.
1209 4956 1461 5021 Klassenaulsatz.
1521 4959 1554 5038 5)
1593 4956 1742 5022 Laudatio
1774 4955 1903 5021 1111111

199 5061 341 5129 Caesaris.
390 5067 423 5148 6)
447 5063 657 5129 Calliemtidas
681 5067 712 5128 et
734 5063 887 5148 Lysander
908 5064 988 5128 inter
1010 5083 1041 5128 se
1065 5065 1285 5147 comparentur.
1334 5064 1367 5146 7)
1390 5063 1545 5129 Virtutem
1566 5064 1749 5129 incolumem
1773 5062 1904 5143 odimus
