4546 5690
1136 395 1156 454 e

1038 481 1252 493 ι--ι-

293 629 324 690 p.
338 610 440 698 lle),
477 606 557 689 quod
580 605 726 670 dialcetus
759 609 900 694 ιερῶγας
932 606 1072 688 postulet.
1118 606 1220 687 itaque
1243 603 1380 692 ιεραυτίς
1399 604 1531 688 scripsit,
1566 624 1658 686 quarn
1691 623 1796 670 rocem
1826 605 2003 687 comparato

294 715 445 800 Hesychio
458 713 635 800 (ιεραατιξν
652 713 777 800 γαυριᾷ)
790 714 821 776 et
836 711 1038 796 Aristophane
1062 713 1167 796 (equit.
1189 715 1271 776 1343
1288 711 1461 798 εἰερινατίας
1474 712 1656 796 exsultabas)
1675 711 1841 788 „lascivae
1860 710 1999 794 explicat.

295 825 445 910 κεριιῦγιις
466 839 544 897 vero,
570 820 662 884 etiam
685 819 712 882 si
734 820 913 906 ιεραφόρας
933 820 1126 904 significaret,
1150 819 1241 884 nimis
1262 818 1406 904 languide
1428 821 1505 884 essct
1527 819 1652 884 dictum.

336 918 339 926 ¹
454 927 507 1005 vl,
533 931 562 992 Β.
606 923 692 990 ‘cidi
701 927 747 990 δε
782 927 857 990 τίιν
890 926 1016 992 adua:
1058 926 1134 1002 τινὲς
1150 929 1251 1016 χωρίς
1272 930 1325 990 τοῦ
1341 926 1387 1000 δέ,
1410 925 1571 990 εἰιτεὶνιιινσι
1594 927 1630 990 δὲ
1655 929 1688 990 cb
1712 952 1722 991 ι
1746 975 1755 1001 ,
1777 927 1812 990 ἵν’
1830 923 2004 1012 άντωννρία

296 1037 427 1124 τυγχάνῃ
451 1035 589 1122 δειντιιιῆ.

455 1141 610 1225 Spondeus
633 1159 792 1204 numerum
816 1159 917 1206 versus
940 1141 1030 1206 nimis
1054 1140 1164 1206 durum
1187 1140 1295 1218 reddit,
1320 1161 1389 1206 cum
1408 1141 1534 1206 celerior
1555 1141 1693 1224 rythmus
1709 1143 1905 1224 exspectetur,
1929 1159 2001 1205 nam

295 1251 432 1314 celeriter
449 1248 611 1334 Cyclopem
633 1246 671 1312 ud
695 1246 855 1312 Galateam
877 1251 1011 1331 spectare
1033 1267 1150 1313 neeesse
1173 1251 1226 1324 est,
1251 1248 1277 1312 si
1300 1267 1367 1313 eam
1390 1250 1472 1314 mala
1494 1249 1653 1313 iacientem
1677 1249 1777 1313 videre
1800 1249 1874 1314 vult.
1911 1265 2003 1331 porro

294 1377 365 1422 cum
388 1357 594 1441 Polyphemus
618 1373 685 1418 eam
707 1373 767 1419 non
789 1357 883 1433 curet,
908 1355 1025 1420 animus
1049 1355 1112 1420 eius
1135 1354 1335 1420 advertendus
1358 1359 1403 1420 est
1425 1355 1518 1420 adid
1540 1356 1621 1438 quod
1644 1355 1772 1422 Galatea
1795 1357 1876 1433 lacit,
1909 1373 2003 1436 quare

295 1467 375 1529 recte
398 1465 541 1529 scribitur
565 1459 615 1525 ἅδ’
645 1459 702 1536 ἴδε,
733 1480 809 1544 quae
832 1463 924 1527 uerba
947 1463 1086 1527 continue
1109 1463 1222 1545 scripta
1244 1463 1371 1541 librarii,
1400 1482 1470 1528 cum
1493 1482 1613 1528 sensum
1636 1481 1695 1529 uon
1717 1463 1944 1548 perspexissent
1969 1460 2002 1524 in

295 1569 348 1635 ιίδί
368 1571 414 1646 δέ,
438 1575 505 1636 tum
528 1571 600 1653 quia
623 1595 632 1633 ι
654 1568 766 1651 conipi
789 1589 848 1634 non
870 1571 978 1652 potest,
1002 1570 1034 1634 in
1055 1569 1108 1633 ἁδί
1128 1573 1293 1636 mutarunt.

453 1679 507 1756 VI,
532 1680 584 1742 20.
634 1677 714 1741 lr'ui
749 1674 838 1740 τάδ’
878 1675 1045 1741 deicias.
1090 1679 1242 1764 γράφεται
1275 1679 1409 1742 ιιαλδν
1443 1676 1631 1742 ἀείδειν.
1666 1674 1831 1742 ἀείδεν.

452 1783 529 1864 Quia
552 1785 643 1850 uerba
666 1803 742 1866 quae
764 1783 927 1850 Damoetas
951 1784 1061 1848 cecinit
1083 1785 1314 1867 subsequuntur,
1339 1787 1389 1849 καί
1412 1783 1478 1849 τάδ’
1505 1783 1605 1850 ιἰείδεν
1627 1784 1820 1850 scribendum
1836 1787 1890 1849 est.
1915 1785 2001 1849 uaria

295 1893 386 1958 lectio
410 1911 444 1957 eo
468 1895 535 1958 orta
557 1894 612 1970 ese,
637 1891 717 1973 quod
740 1891 835 1956 lector
858 1891 983 1973 quidam
1005 1892 1168 1956 formulam
1190 1893 1277 1957 illam
1299 1893 1495 1958 Homericam
1518 1891 1650 1975 margini
1672 1891 1842 1976 adscripsit.

450 2001 505 2078 VI,
529 2002 581 2065 37.
635 1999 719 2064 Τιἀν
754 1999 801 2064 δέ
825 1999 849 2062 τ’
873 1999 1085 2064 ὀδόντων.
1130 2001 1281 2087 γράφεται
1304 2000 1412 2064 δὲκαὶ
1446 2003 1542 2074 ταῖς
1575 1999 1622 2063 δέ
1657 2000 1681 2063 τ’
1718 2000 1891 2064 δδιιῦσι.

452 2106 528 2172 (buu
547 2105 673 2190 Cyclops
695 2125 726 2170 se
748 2105 780 2171 in
802 2106 880 2171 mari
894 2107 1039 2187 unquam
1062 2106 1094 2171 in
1116 2109 1238 2191 speculo
1254 2108 1474 2191 contempletur
1496 2107 1583 2190 eique
1598 2106 1695 2190 igitur
1709 2125 1792 2172 mare
1811 2107 2001 2190 splendorem

293 2213 431 2279 dentium
455 2213 601 2293 ostendat,
625 2213 709 2296 prior
731 2214 822 2279 lectio
844 2213 989 2278 servanda
1011 2215 1065 2278 est.

451 2322 597 2400 VII„ll.
652 2321 690 2385 Tu
714 2321 743 2383 B
749 2345 772 2406 ρ
785 2319 859 2384 ucri
866 2321 882 2384 l
895 2343 934 2385 a:
969 2322 998 2384 oi
1022 2322 1082 2407 γὰρ
1106 2324 1278 2409 γράφοντες
1299 2321 1349 2386 διὰ
1373 2325 1426 2386 ταῦ
1450 2321 1470 2385 δ
1491 2323 1727 2409 ιζιιαρτάνιινσιν.

450 2428 521 2493 Non
542 2429 641 2493 solum
664 2427 818 2506 Brasidae‚
853 2427 905 2492 sed
939 2428 1031 2492 etiam
1055 2429 1191 2494 Brasilae
1214 2448 1320 2494 nomen
1343 2429 1512 2494 Meinelrius
1534 2450 1563 2512 p.
1590 2432 1653 2496 249
1689 2431 1777 2496 reicit
1811 2428 2002 2506 contendens,

292 2538 317 2602 si
342 2537 485 2604 Brasidas
507 2535 640 2619 primurn
662 2535 810 2618 producat
833 2535 884 2619 (ef.
908 2533 1065 2619 aristoph.
1089 2537 1180 2620 Vesp.
1199 2539 1263 2600 472
1288 2539 1318 2601 ct
1340 2535 1412 2602 Pac.
1437 2537 1515 2620 639)
1539 2537 1631 2602 etiam
1653 2537 1806 2602 Brasilam
1827 2536 2002 2620 producere,

290 2646 329 2711 ab
356 2645 461 2710 eodem
484 2643 562 2708 illud
585 2644 667 2707 fonte
689 2643 894 2726 repetendum.
934 2646 967 2708 ut
990 2641 1111 2708 Curtius
1133 2643 1246 2728 griech.
1264 2645 1383 2728 Etym.²
1406 2644 1437 2708 11
1460 2665 1489 2727 p.
1518 2647 1577 2708 161
1603 2643 1761 2730 Βρασίδας
1780 2664 1799 2709 a
1821 2644 1915 2728 stirpe
1936 2643 2004 2730 βρα

292 2753 449 2839 (pipat-coco
471 2751 593 2838 βριί-ζα
617 2749 742 2832 sieden)‚
774 2749 929 2837 Βρασίδας
949 2754 1051 2816 autem
1075 2771 1094 2816 a
1115 2751 1210 2834 stirpe
1231 2751 1315 2838 βρατ
1336 2752 1401 2832 (lat.
1426 2753 1504 2835 vert)
1532 2751 1658 2817 derivat.
1705 2751 1808 2833 itaque
1830 2770 1921 2816 causa
1942 2770 2002 2817 non

291 2863 345 2937 est,
370 2879 424 2924 cur
446 2858 648 2941 quantitatem
670 2858 787 2940 primae
810 2858 841 2924 in
865 2857 1017 2945 Βρασίδας
1037 2859 1171 2944 syllabae
1193 2861 1224 2926 in
1247 2859 1448 2944 suspicionem
1470 2878 1619 2925 vocemus.

450 2966 519 3045 vll,
549 2967 597 3030 18.
645 2965 853 3054 Ζωστῆρι
887 2966 1126 3053 πλακεριγῖι
1173 2969 1324 3054 γράφεται
1357 2967 1584 3054 πλαιεριρῖ.

450 3073 538 3138 Falso
562 3074 593 3138 in
615 3073 730 3138 scholio
753 3072 865 3138 codicis
880 3093 900 3156 p
917 3073 1067 3160 τιλαιιερός
1087 3095 1106 3139 a
1128 3075 1226 3138 πλέκια
1249 3074 1412 3152 derivatur,
1437 3076 1577 3140 cohaeret
1599 3093 1669 3140 cum
1692 3095 1720 3139 v.
1734 3075 1812 3147 τάδε
1831 3073 2002 3158 significat·

290 3199 347 3263 que
373 3181 511 3256 „lutum‘
537 3180 693 3265 cingulum
716 3200 810 3262 neque
833 3200 1017 3262 quamquam
1039 3200 1098 3245 non
1120 3183 1179 3246 nisi
1202 3183 1260 3247 hoc
1282 3183 1348 3247 loco
1370 3182 1529 3265 reperitur,
1565 3201 1623 3246 vor
1650 3183 1731 3246 recte
1753 3179 1884 3247 fonuata
1910 3181 2000 3245 reici·

289 3287 365 3352 crida
388 3290 440 3352 cst.
486 3288 513 3351 si
535 3288 678 3352 scribitur
700 3289 861 3374 πλακερφῑ,
883 3287 1053 3366 materiam,
1078 3307 1112 3353 cr
1135 3309 1195 3372 qua
1216 3290 1373 3372 cingulum
1395 3290 1517 3372 plexum
1539 3290 1593 3366 est,
1616 3288 1830 3353 desideramus.

448 3395 517 3472 l'll,
544 3398 594 3459 te.
649 3395 726 3468 Τάς
758 3393 936 3469 Ξενέιις.
982 3397 1133 3482 γράφει-ιιι
1168 3401 1247 3471 τάς
1278 3395 1458 3472 &eadric

452 3501 484 3566 Si
517 3502 619 3568 locum
653 3502 824 3567 accuratius
859 3502 1090 3582 consideramus,
1126 3505 1225 3569 elucet
1260 3523 1368 3569 nomen
1390 3504 1536 3582 mulieris,
1573 3523 1665 3587 quam
1697 3502 1835 3587 Daphnis
1869 3501 2000 3586 peribat,

289 3609 452 3692 exspectari
477 3611 508 3672 et
530 3609 586 3674 hoc
611 3609 729 3674 nomine
753 3609 868 3674 nullam
891 3609 984 3675 aliurn
1007 3611 1172 3696 significari
1205 3630 1291 3694 posse
1313 3612 1373 3676 nisi
1394 3612 1559 3696 nympham
1593 3613 1631 3676 ab
1663 3611 1716 3676 illo
1740 3613 1883 3676 amatam.
1930 3629 2002 3674 narn

289 3719 503 3800 argumentum
525 3717 646 3781 fabulae
667 3719 733 3780 tam
755 3716 859 3799 paucis
881 3717 981 3782 verbis
1004 3718 1149 3784 hocloco
1175 3719 1445 3784 commemoratum
1469 3739 1516 3783 res
1539 3721 1668 3798 tantum,
1705 3737 1781 3802 quae
1803 3717 2001 3803 gravissimae

287 3827 365 3896 sunt.
391 3824 535 3906 amplecti
557 3826 666 3907 potest,
699 3823 851 3888 infelicem
871 3825 1041 3908 Daphnidis
1065 3845 1136 3910 erga
1159 3827 1324 3910 nympham
1348 3845 1491 3892 amorem.
1538 3845 1630 3909 quare
1652 3825 1803 3890 reicienda
1825 3826 1896 3889 sunt
1918 3823 2000 3888 uiro-

287 3951 356 3995 rum
379 3930 536 3996 doetorum
559 3933 740 4010 commenta,
774 3931 827 4013 qui
861 3951 931 3996 cum
955 3930 1070 4007 Ξενίας
1101 3933 1285 3999 adiectivum
1313 3953 1376 3999 esse
1398 3933 1618 4008 contenderent,
1654 3935 1689 3997 ut
1712 3931 1744 3997 C.
1769 3931 1818 3996 Fr.
1843 3932 1999 3997 Henuaun

288 4038 338 4118 (de
349 4035 509 4121 Daphnide
532 4058 560 4120 p.
576 4041 619 4118 6),
644 4039 733 4120 plane
756 4038 1031 4122 novamfingcbant
1053 4039 1206 4105 fabulam:
1230 4041 1380 4120 Puellam,
1405 4061 1497 4124 quam
1519 4041 1632 4105 frustra
1646 4040 1783 4123 Daphnis
1806 4058 1860 4122 per
1881 4041 1998 4103 montes

287 4146 436 4228 silvasque
471 4146 675 4227 quaesivisset,
711 4145 901 4230 peregrinam
924 4146 953 4210 h.
972 4165 997 4210 e.
1021 4147 1209 4232 incognitam
1233 4149 1324 4214 fuisse
1347 4151 1378 4214 et
1400 4149 1526 4215 fortuito
1550 4147 1694 4230 adspectu
1716 4147 1860 4211 oblatam.
1910 4165 1999 4228 prae-

287 4256 368 4318 terea
396 4257 476 4317 recte
499 4253 666 4318 Meinelrius
690 4275 719 4336 p.
746 4255 808 4317 255
833 4254 961 4331 monuit,
997 4255 1187 4338 peregrinam
1209 4257 1235 4320 si
1258 4256 1391 4322 indicare
1413 4256 1557 4320 voluisset
1581 4257 1679 4338 poeta,
1715 4274 1774 4319 non
1797 4253 1998 4319 dubitandum

287 4380 358 4431 csse,
384 4360 457 4442 quin
480 4361 586 4424 tritam
610 4361 696 4426 illum
719 4361 848 4426 formam
870 4359 970 4434 ξείνας
990 4363 1184 4443 probavisset.
1222 4383 1314 4446 quare
1336 4362 1588 4446 acquiescendum
1611 4364 1657 4426 est
1679 4362 1711 4426 in
1726 4362 1855 4427 lectione
1874 4359 2000 4435 Ξενίας,

286 4467 367 4550 qnod
390 4486 498 4532 nomen
521 4468 670 4552 nymphae
694 4488 712 4532 a
733 4468 893 4550 Daphnide
916 4471 1034 4533 amatae
1058 4488 1121 4532 esse
1143 4489 1214 4534 cum
1237 4471 1435 4554 scholiastae)
1459 4471 1632 4536 statuimus.

446 4576 515 4650 t'll,
544 4579 615 4640 lll.
670 4575 993 4661 Τετραγιριένιις.
1029 4579 1376 4662 γρ.νιειιι“.ιριένιις.

446 4681 554 4746 Glossa
576 4683 708 4766 margini
731 4683 893 4765 adscripta,
930 4703 1022 4763 quam
1046 4685 1144 4747 versui
1168 4684 1295 4750 inserere
1330 4689 1462 4750 metrum
1486 4705 1545 4752 rron
1567 4684 1714 4763 admittit,
1749 4684 1915 4749 alibrario
1947 4685 1998 4748 sel

284 4791 484 4872 grurnrnutico
508 4789 640 4870 quodam
663 4809 716 4874 pro
740 4790 824 4854 varia
846 4791 974 4856 lectione
997 4791 1103 4854 habita
1126 4810 1188 4855 csse
1212 4792 1339 4857 uidetur.

284 4935 413 4944 ’.μ-...α

445 5007 471 5088 ³)
487 5019 492 5032 ⁸
508 5005 527 5068 s.
554 5004 688 5068 selluliou
711 5004 735 5082 I,
761 5008 802 5069 tt
828 5003 944 5078 Ξενέας
966 5028 974 5043 ·
998 5003 1063 5068 ἔστι
1086 5005 1121 5069 δὲ
1145 5005 1241 5090 ὄνομα
1265 5005 1399 5094 δ’άρφιγς.
