4546 5690
1099 427 1119 489 4

1004 515 1217 528 u--a———u—-n

415 639 440 717 Ι,
465 641 517 702 57.
565 637 847 726 Ιιάλνιλιανίιρ.
883 640 959 714 τινὲς
979 639 1016 704 δὲ
1038 640 1192 727 γράφουσι
1216 629 1461 727 Καλυδνίιρ.

415 767 444 810 ν.
458 745 625 832 Καλαὸνίῳ,
647 747 727 828 quod
744 745 893 832 Calydnae
916 747 1030 812 insulae
1052 765 1146 830 prope
1162 745 1258 811 Coum
1280 749 1356 814 sitae
1378 751 1471 827 erant,
1496 749 1559 814 iam
1582 748 1746 813 scholiasta
1767 748 1962 831 improbavit

253 857 299 923 Ut
326 857 454 922 alteram
479 852 663 938 Καλυδωνίαν
692 855 852 920 lectionem
885 857 1017 934 tueatur,
1052 873 1238 937 quamquam
1261 855 1395 941 Calydon
1428 856 1500 921 urbs
1534 876 1593 921 non
1627 855 1665 920 ad
1695 875 1779 920 mare
1812 856 1871 920 sita
1893 856 1962 936 fuit

254 964 423 1030 Meinekius
447 961 584 1046 (Theocr.
604 968 616 1008 ³
639 983 667 1044 p.
689 965 764 1045 187)
787 965 890 1027 tamen
912 961 1114 1028 Heliodorum
1136 963 1226 1028 neth.
1252 963 1289 1042 V,
1319 967 1356 1028 17
1381 964 1487 1030 docere
1510 963 1595 1040 dicit,
1629 963 1790 1048 Calydonis
1813 963 1976 1029 dicionem

254 1072 294 1137 ad
316 1091 399 1138 mare
421 1090 515 1153 usque
537 1071 716 1154 pertinuisse
739 1071 770 1134 et
792 1069 892 1133 sinum
905 1069 1142 1148 Corinthiacum,
1170 1073 1317 1152 quatenus
1341 1071 1540 1156 Calydonium
1563 1071 1637 1135 litus
1660 1071 1801 1154 attingat,
1826 1073 1964 1155 appella-

254 1183 322 1244 tum
346 1197 409 1242 esse
434 1178 625 1244 Καλυδώνιον
648 1176 799 1262 πορθμόν.
843 1180 922 1242 recte
946 1177 978 1241 id
1001 1177 1134 1259 quidem,
1170 1178 1222 1241 sed
1256 1179 1319 1242 sive
1345 1177 1500 1264 Ιιαλυόνίῳ
1527 1178 1589 1242 sire
1615 1177 1799 1265 λἀλυιλωνίῳ
1821 1180 1963 1263 legimus,

253 1287 332 1352 mire
354 1308 384 1352 ν.
401 1285 560 1372 πορθμεύς
579 1287 751 1367 rrsmpatun
777 1304 846 1348 clun
869 1285 923 1366 qui
944 1305 962 1350 a
978 1283 1129 1368 Calydone
1152 1285 1200 1348 vel
1223 1305 1241 1349 e
1257 1283 1398 1369 Calydnis
1422 1287 1528 1350 insulis
1544 1286 1575 1350 in
1591 1285 1728 1351 Siciliam
1748 1287 1817 1351 nari
1832 1287 1962 1367 uehitur,

254 1394 385 1478 pessimo
407 1393 473 1457 iure
496 1393 655 1480 πορθμεύς
682 1393 861 1475 appellatur.
909 1395 955 1456 cst
978 1392 1123 1457 Caulonia
1146 1392 1292 1474 oppidum
1315 1393 1346 1458 in
1369 1393 1491 1459 Bmttio
1514 1394 1594 1458 inter
1615 1395 1726 1459 Locros
1749 1393 1965 1480 Epizephyrios

253 1505 286 1566 et
319 1499 514 1585 Scylaeaeuna
547 1501 649 1576 situm,
692 1500 746 1563 ubi
777 1500 857 1565 Juno
891 1500 1189 1584 magnificentissime
1223 1500 1386 1564 colebatur.
1445 1501 1525 1582 quod
1559 1502 1586 1566 si
1618 1499 1781 1586 Καυλωνίαν
1815 1501 1965 1565 Ahrensio

254 1611 378 1674 auctore
408 1607 578 1686 scribimus,
613 1608 715 1673 omnia
747 1608 904 1690 aptissime
938 1610 1116 1690 congruunt,
1152 1625 1222 1671 nam
1245 1609 1346 1684 nauta,
1371 1608 1424 1689 qui
1446 1629 1466 1674 a
1487 1608 1615 1673 Graecia
1636 1609 1750 1693 Magna
1772 1608 1803 1672 in
1826 1607 1965 1673 Siciliam

254 1717 384 1795 vehitur,
408 1734 478 1780 vere
500 1716 631 1800 portitor
653 1716 801 1800 appellari
822 1717 930 1798 potest.

416 1842 441 1918 l,
468 1842 519 1904 λζ).
573 1841 652 1914 Τινὲς
673 1843 824 1904 αἰτιῶνται
855 1842 907 1904 τίιν
936 1839 1096 1926 θειίκριταν
1128 1837 1180 1902 καί
1211 1863 1303 1925 φασιν
1337 1839 1369 1903 ἐν
1392 1838 1513 1928 Σικελίᾳ
1546 1840 1670 1916 λεάντας
1699 1839 1744 1930 pp
1766 1840 1853 1914 εἶναι,
1887 1841 1962 1904 ἀλλὰ

256 1947 474 2036 πραςτιιλεγιέννγ
498 1945 516 2036 ip
540 1948 577 2011 ἂν
601 1948 734 2036 συλλαβὴ
756 1947 818 2011 λυέι
843 1949 894 2036 τὴν
917 1946 1012 2010 αίτίαν
1036 1970 1044 1985 ·
1069 1947 1116 2009 ίνα
1140 1939 1184 2034 ᾗ·
1205 1953 1291 2035 τῆναν
1314 1947 1351 2009 ἄν
1372 1945 1527 2022 ἔκλαυσεν,
1549 1949 1579 2011 εἷ
1599 1949 1631 2012 ἐν
1653 1948 1773 2038 Σικελίᾳ
1795 1950 1874 2012 λέων
1896 1947 1943 2037 ἦν.

416 2073 632 2137 Particularia
655 2093 673 2138 a
695 2073 894 2156 grammatico
918 2071 1008 2136 nimis
1031 2073 1140 2155 arguto
1163 2071 1268 2136 addita
1290 2073 1320 2136 et
1342 2075 1423 2137 torta
1446 2073 1509 2137 eius
1532 2074 1692 2156 explicatio
1716 2077 1768 2140 est.

416 2183 441 2260 I,
467 2184 518 2245 95.
561 2177 703 2243 ‘Adria
738 2181 967 2264 γελάαισα.
990 2178 1044 2242 εἰίν
1068 2178 1103 2242 δὲ
1127 2181 1277 2265 γράφεται
1300 2179 1351 2243 δία
1375 2184 1427 2244 ταῦ
1452 2206 1460 2244 ι
1485 2177 1504 2270 ίγ
1527 2182 1597 2254 Διὸς
1618 2180 1769 2268 ιλνγατῄρ.

416 2289 439 2352 l.
485 2285 505 2350 ἁ
529 2289 579 2351 dia
602 2288 703 2352 vesani
726 2287 920 2370 grammatici
942 2289 1147 2350 oeramentum
1171 2306 1233 2350 esso
1256 2306 1381 2368 sequens
1403 2287 1455 2351 καί
1475 2289 1624 2370 particula
1648 2288 1841 2352 demonstrat.

418 2397 442 2473 l,
471 2399 542 2460 lla.
595 2395 837 2481 θάβριιλιιςτ
874 2395 1041 2482 ..ίύβρις
1064 2395 1141 2456 κατὰ
1164 2395 1303 2476 γλῶσσαν
1327 2392 1346 2482 ίγ
1370 2395 1510 2458 ιλιίλασσα
1535 2396 1612 2468 τινὲς
1632 2395 1667 2458 δὲ
1691 2393 1826 2468 Σικελίας
1847 2391 1966 2481 ἔφησαν

257 2505 394 2590 ποταμὸν
422 2502 666 2589 θάμβριόα.
1283 2483 1287 2490 ⁴

340 2650 348 2670 ·
418 2627 500 2692 Inter
522 2647 550 2692 v.
567 2629 588 2691 l.
620 2626 778 2712 θάβριόας,
803 2626 961 2712 λα’βριιλας,
990 2626 1163 2713 θάγιβριιλιις
1184 2647 1212 2690 v.
1238 2625 1389 2712 θάβριιλας
1408 2626 1513 2690 testari
1537 2625 1656 2690 videtur·
1672 2625 1793 2691 Servius
1816 2625 1855 2690 ad
1871 2627 1963 2710 Verg.

258 2737 334 2800 Aen.
359 2737 416 2814 ΙΙΙ,
443 2738 523 2799 500:
563 2735 644 2798 circa
667 2733 828 2818 Syracusas
863 2753 926 2798 esse
948 2735 1076 2798 Thibrin
1111 2735 1221 2799 fossam
1245 2733 1422 2798 Theocritus
1457 2733 1604 2798 meminit.
1657 2734 1831 2821 θύρβραῖας
1860 2753 1966 2798 vocem

258 2847 362 2908 tuetur
378 2843 516 2908 Errstath.
534 2841 572 2906 ad
595 2841 683 2906 Dion.
704 2844 777 2918 354,
802 2840 952 2927 λύβριόυς
965 2841 1160 2924 Asclepiades
1176 2841 1348 2924 Myrleanus
1372 2841 1530 2924 scripsit1).
1560 2861 1636 2922 quae
1659 2843 1749 2907 lectio
1772 2841 1967 2925 praeferenda

257 2950 309 3028 sit,
346 2950 402 3016 etsi
436 2949 570 3014 dubitari
597 2951 705 3032 potest,
740 2949 917 3030 praesertim
941 2968 1010 3013 cum
1033 2949 1197 3014 secundum
1223 2949 1400 3028 interpretes
1435 2967 1536 3013 omnes
1570 2969 1657 3013 truces
1678 2969 1761 3014 mare
1784 2951 1832 3014 sel
1853 2949 1967 3014 flumen

259 3059 310 3124 rel,
331 3058 442 3122 fossam
464 3057 644 3140 significent,
679 3058 781 3120 tamen
804 3057 826 3119 l.
855 3055 976 3142 θύβρις.
999 3056 1036 3120 de
1059 3077 1118 3138 qua
1141 3055 1261 3120 Servius
1285 3059 1315 3120 ct
1337 3056 1414 3119 salter
1437 3057 1569 3140 optimus
1592 3058 1684 3122 codex
1706 3058 1762 3142 p2)
1787 3059 1965 3140 corrgmunt,

259 3163 453 3248 praeferenda
476 3183 538 3228 csse
560 3164 688 3228 videtur.

420 3289 461 3368 II,
487 3293 537 3354 59.
580 3286 858 3372 “λ“ττιίγιαξαν;
895 3289 1045 3374 γράφεται
1079 3289 1354 3374 άπάγιαρξαν.

422 3398 602 3483 Ἀτόραρξαν
617 3396 698 3460 idem
714 3395 794 3476 quod
814 3395 914 3478 glossa
937 3395 1093 3480 άπόγιαξαν
1109 3396 1312 3478 superscripta
1326 3396 1493 3480 significat:
1521 3399 1632 3481 ..terga
1648 3398 1817 3482 absterge.“
1843 3397 1880 3462 cf.
1897 3397 1966 3475 XV,

257 3510 321 3572 95:
357 3507 402 3593 μή
421 3529 475 3591 ραι
497 3504 603 3570 κενεὰν
627 3504 794 3588 ιλκαμάξγγς.
840 3502 1031 3584 abstergendi
1054 3504 1180 3567 verbum
1203 3505 1274 3568 huic
1297 3505 1363 3568 loco
1388 3523 1446 3568 non
1469 3504 1617 3582 convenit,
1642 3505 1697 3569 illa
1719 3507 1868 3591 φάρμακα
1891 3523 1968 3586 quae

257 3615 342 3678 coxit
357 3613 513 3678 Simaetha
534 3610 667 3694 puellam
690 3610 790 3675 limini
805 3610 976 3693 Daphnidis
998 3610 1114 3674 illinere
1136 3611 1229 3675 iubet.
1269 3611 1420 3676 sufficeret
1442 3613 1537 3695 igitur
1559 3613 1684 3676 neruum
1701 3613 1828 3695 simplex
1844 3614 1968 3696 μάσσω,

259 3722 335 3785 bene
358 3721 460 3788 autem
482 3717 661 3783 Theocritus
684 3718 850 3800 composito
874 3718 972 3781 utitur
995 3717 1164 3802 ὑττόραξαυε
1200 3718 1284 3782 illine
1307 3720 1456 3804 φάρμακα
1479 3719 1557 3783 clam
1573 3719 1732 3801 Delphide
1757 3739 1792 3784 ne
1816 3719 1868 3782 ille
1891 3738 1968 3800 quo-

259 3827 351 3892 modo
375 3827 525 3892 uinciatur
548 3825 722 3908 comperiat.

421 3952 462 4030 ΙΙ,
488 3953 540 4016 60.
591 3949 697 4014 dura
709 3973 742 4026 c:
768 3953 919 4038 γράφεται
942 3949 1115 4036 φιλίας,
1149 3951 1297 4014 τουτέστιν
1320 3951 1337 4014 ὃ
1362 3953 1440 4037 πρὸς
1460 3950 1557 4037 φιλίαν
1579 3951 1629 4014 καί
1651 3949 1763 4014 άκαντα
1787 3952 1838 4013 τὸν
1861 3949 1969 4036 Δέλφιν

259 4060 388 4124 -ἑλκύσει,

422 4187 449 4232 ν.
474 4167 495 4230 l.
532 4164 630 4253 φιλίας
649 4185 735 4248 quae,
760 4167 795 4230 ut
816 4166 902 4230 nobis
926 4165 1017 4228 verba
1039 4164 1152 4230 tradita
1174 4167 1252 4242 susat,
1277 4165 1365 4246 plane
1377 4183 1516 4248 perversa
1539 4167 1593 4243 est,
1617 4185 1652 4229 er
1675 4167 1763 4252 φλιιλς
1784 4167 1883 4228 ortam
1906 4183 1969 4228 esse

260 4277 397 4356 apparet,
422 4273 503 4356 quod
526 4273 707 4338 vocabulum
731 4293 801 4336 eum
823 4292 882 4338 non
904 4272 1138 4356 intellegeretur,
1163 4273 1194 4336 ia
1218 4271 1316 4358 φιλίας
1336 4276 1513 4354 corruptum
1536 4276 1590 4338 est.

422 4399 476 4477 IV,
502 4401 531 4461 ί.
567 4393 714 4462 -Ἴίλαια
727 4421 753 4461 ν.
776 4398 834 4486 adp
857 4393 900 4471 ὥς
922 4419 998 4471 τινες
1019 4395 1291 4480 α’ναγιγνώωιαυσιν
1315 4397 1488 4472 ἐλαιιίν,
1513 4395 1555 4471 ὡς
1577 4397 1696 4484 ιλραιάν,
1720 4393 1753 4460 ἵν’
1781 4389 1801 4484 ᾖ
1823 4401 1969 4485 σημαῖνον

263 4509 299 4571 τὸ
323 4507 504 4593 άγριέλαιαν,
528 4506 564 4579 ἐξ
584 4501 620 4568 αὖ
645 4501 871 4590 ίιὈλυρττιακίις
892 4505 1042 4591 στέφανος
1063 4504 1223 4587 αι’γκειται.
1305 4583 1306 4587 ¹

427 4831 451 4912 ¹)
487 4828 562 4893 coni.
588 4828 722 4892 scholion
754 4828 819 4893 eod.
845 4827 917 4892 Gen.
944 4824 958 4864 ¹²
982 4825 1122 4902 (Ahrens.
1146 4827 1178 4890 Il
1200 4847 1229 4909 p.
1256 4827 1311 4909 80)
1346 4826 1556 4914 ἶ-ίακληττιάιλης
1576 4829 1593 4890 ὁ
1620 4827 1796 4914 ,ίίυρλεανίις
1828 4823 1879 4887 διὰ
1914 4827 1969 4888 ταῦ

262 4935 285 5000 d
307 4938 419 5025 γράφει
442 4936 494 5001 καί
513 4931 597 5026 φησι·
623 4935 756 5024 ,αίύβρις
778 4959 797 5023 ιγ
818 4935 895 4997 κατὰ
919 4933 1058 5016 γλῶσσαν
1081 4931 1250 4997 ιίάλασσα.”

427 5047 451 5129 ²)
486 5043 579 5129 Siglis
602 5044 743 5109 Ahrensii
766 5033 843 5107 utor.
